<record><leader>00000cas a22000007a 4500</leader><controlfield tag="001">1554414</controlfield><controlfield tag="008">750817c19139999mnuwr ne      0    0eng d</controlfield><datafield ind1=" " ind2=" " tag="010"><subfield code="a">sn 91059387 </subfield></datafield><datafield ind1=" " ind2=" " tag="040"><subfield code="a">MUL</subfield><subfield code="b">eng</subfield><subfield code="c">MUL</subfield><subfield code="d">OCL</subfield><subfield code="d">MN#</subfield><subfield code="d">OCLCQ</subfield><subfield code="d">OCLCF</subfield><subfield code="d">OCLCO</subfield></datafield><datafield ind1="1" ind2=" " tag="029"><subfield code="a">AU@</subfield><subfield code="b">000025893313</subfield></datafield><datafield ind1=" " ind2=" " tag="042"><subfield code="a">msc</subfield></datafield><datafield ind1=" " ind2=" " tag="043"><subfield code="a">n-us-mn</subfield></datafield><datafield ind1=" " ind2=" " tag="052"><subfield code="a">4144</subfield><subfield code="b">C515</subfield></datafield><datafield ind1=" " ind2=" " tag="052"><subfield code="a">4143</subfield><subfield code="b">S8</subfield></datafield><datafield ind1="0" ind2="4" tag="245"><subfield code="a">The Chokio review.</subfield></datafield><datafield ind1="3" ind2="0" tag="246"><subfield code="a">Spartan herald</subfield></datafield><datafield ind1=" " ind2=" " tag="260"><subfield code="a">Chokio, Stevens County, Minn. :</subfield><subfield code="b">Geo. L. Townsend</subfield></datafield><datafield ind1=" " ind2=" " tag="300"><subfield code="a">v.</subfield></datafield><datafield ind1=" " ind2=" " tag="310"><subfield code="a">Weekly</subfield></datafield><datafield ind1="1" ind2=" " tag="362"><subfield code="a">Began in 1913?</subfield></datafield><datafield ind1=" " ind2=" " tag="500"><subfield code="a">Published as: The Spartan herald, Sept. 16-Sept. 30, 1971.</subfield></datafield><datafield ind1=" " ind2=" " tag="530"><subfield code="a">Available on microfilm from the Minnesota Historical Society.</subfield></datafield><datafield ind1=" " ind2=" " tag="588"><subfield code="a">Description based on: Vol. 45, no. 19 (Oct. 15, 1942).</subfield></datafield><datafield ind1=" " ind2="0" tag="651"><subfield code="a">Chokio (Minn.)</subfield><subfield code="v">Newspapers.</subfield></datafield><datafield ind1=" " ind2="7" tag="655"><subfield code="a">Newspapers.</subfield><subfield code="2">fast</subfield><subfield code="0">(OCoLC)fst01423814</subfield></datafield><datafield ind1=" " ind2="7" tag="651"><subfield code="a">Minnesota</subfield><subfield code="z">Chokio.</subfield><subfield code="2">fast</subfield><subfield code="0">(OCoLC)fst01260468</subfield></datafield><datafield ind1=" " ind2=" " tag="752"><subfield code="a">United States</subfield><subfield code="b">Minnesota</subfield><subfield code="c">Stevens</subfield><subfield code="d">Chokio.</subfield></datafield><datafield ind1="0" ind2="0" tag="780"><subfield code="t">Stevens County review</subfield></datafield></record>